%YAML 1.1
%TAG !u! tag:unity3d.com,2011:
--- !u!1 &3881893415238730012
GameObject:
  m_ObjectHideFlags: 0
  m_CorrespondingSourceObject: {fileID: 0}
  m_PrefabInstance: {fileID: 0}
  m_PrefabAsset: {fileID: 0}
  serializedVersion: 6
  m_Component:
  - component: {fileID: 8470094655345414556}
  - component: {fileID: 8721749701189440298}
  - component: {fileID: 3097922362834743237}
  m_Layer: 0
  m_Name: Shelves_low
  m_TagString: Untagged
  m_Icon: {fileID: 0}
  m_NavMeshLayer: 0
  m_StaticEditorFlags: 4294967295
  m_IsActive: 1
--- !u!4 &8470094655345414556
Transform:
  m_ObjectHideFlags: 0
  m_CorrespondingSourceObject: {fileID: 0}
  m_PrefabInstance: {fileID: 0}
  m_PrefabAsset: {fileID: 0}
  m_GameObject: {fileID: 3881893415238730012}
  m_LocalRotation: {x: -0.7071068, y: 0, z: -0, w: 0.7071067}
  m_LocalPosition: {x: -0, y: 1.3938001, z: 0.011077205}
  m_LocalScale: {x: 58.562763, y: 20.93141, z: 2.0547388}
  m_Children: []
  m_Father: {fileID: 5461055391023693489}
  m_RootOrder: 3
  m_LocalEulerAnglesHint: {x: 0, y: 0, z: 0}
--- !u!33 &8721749701189440298
MeshFilter:
  m_ObjectHideFlags: 0
  m_CorrespondingSourceObject: {fileID: 0}
  m_PrefabInstance: {fileID: 0}
  m_PrefabAsset: {fileID: 0}
  m_GameObject: {fileID: 3881893415238730012}
  m_Mesh: {fileID: -5543113893836147613, guid: 995a3e45658170846bf3af8cb839f8d5, type: 3}
--- !u!23 &3097922362834743237
MeshRenderer:
  m_ObjectHideFlags: 0
  m_CorrespondingSourceObject: {fileID: 0}
  m_PrefabInstance: {fileID: 0}
  m_PrefabAsset: {fileID: 0}
  m_GameObject: {fileID: 3881893415238730012}
  m_Enabled: 1
  m_CastShadows: 1
  m_ReceiveShadows: 1
  m_DynamicOccludee: 1
  m_MotionVectors: 1
  m_LightProbeUsage: 1
  m_ReflectionProbeUsage: 1
  m_RayTracingMode: 2
  m_RenderingLayerMask: 1
  m_RendererPriority: 0
  m_Materials:
  - {fileID: 2100000, guid: 946a5cab845150348bb822229f4ccce7, type: 2}
  m_StaticBatchInfo:
    firstSubMesh: 0
    subMeshCount: 0
  m_StaticBatchRoot: {fileID: 0}
  m_ProbeAnchor: {fileID: 0}
  m_LightProbeVolumeOverride: {fileID: 0}
  m_ScaleInLightmap: 1
  m_ReceiveGI: 1
  m_PreserveUVs: 0
  m_IgnoreNormalsForChartDetection: 0
  m_ImportantGI: 0
  m_StitchLightmapSeams: 1
  m_SelectedEditorRenderState: 3
  m_MinimumChartSize: 4
  m_AutoUVMaxDistance: 0.5
  m_AutoUVMaxAngle: 89
  m_LightmapParameters: {fileID: 0}
  m_SortingLayerID: 0
  m_SortingLayer: 0
  m_SortingOrder: 0
--- !u!1 &4648348534146507787
GameObject:
  m_ObjectHideFlags: 0
  m_CorrespondingSourceObject: {fileID: 0}
  m_PrefabInstance: {fileID: 0}
  m_PrefabAsset: {fileID: 0}
  serializedVersion: 6
  m_Component:
  - component: {fileID: 5461055391023693489}
  m_Layer: 0
  m_Name: Shelf 1
  m_TagString: Untagged
  m_Icon: {fileID: 0}
  m_NavMeshLayer: 0
  m_StaticEditorFlags: 4294967295
  m_IsActive: 1
--- !u!4 &5461055391023693489
Transform:
  m_ObjectHideFlags: 0
  m_CorrespondingSourceObject: {fileID: 0}
  m_PrefabInstance: {fileID: 0}
  m_PrefabAsset: {fileID: 0}
  m_GameObject: {fileID: 4648348534146507787}
  m_LocalRotation: {x: -0, y: -0, z: -0, w: 1}
  m_LocalPosition: {x: 0.59, y: 0.27, z: -1.7765999}
  m_LocalScale: {x: 1.5952945, y: 1.5952945, z: 1.5952945}
  m_Children:
  - {fileID: 5633172130617870160}
  - {fileID: 3123598172588345515}
  - {fileID: 3765463089704090951}
  - {fileID: 8470094655345414556}
  - {fileID: 5461055392041424900}
  - {fileID: 5461055390864421709}
  - {fileID: 5461055390884412097}
  - {fileID: 5461055391674501044}
  m_Father: {fileID: 0}
  m_RootOrder: 0
  m_LocalEulerAnglesHint: {x: 0, y: 0, z: 0}
--- !u!1 &6494090416147780646
GameObject:
  m_ObjectHideFlags: 0
  m_CorrespondingSourceObject: {fileID: 0}
  m_PrefabInstance: {fileID: 0}
  m_PrefabAsset: {fileID: 0}
  serializedVersion: 6
  m_Component:
  - component: {fileID: 5633172130617870160}
  - component: {fileID: 554945750481667596}
  - component: {fileID: 5347680776660546345}
  m_Layer: 0
  m_Name: Crown_low
  m_TagString: Untagged
  m_Icon: {fileID: 0}
  m_NavMeshLayer: 0
  m_StaticEditorFlags: 4294967295
  m_IsActive: 1
--- !u!4 &5633172130617870160
Transform:
  m_ObjectHideFlags: 0
  m_CorrespondingSourceObject: {fileID: 0}
  m_PrefabInstance: {fileID: 0}
  m_PrefabAsset: {fileID: 0}
  m_GameObject: {fileID: 6494090416147780646}
  m_LocalRotation: {x: -0.7071068, y: 0, z: -0, w: 0.7071067}
  m_LocalPosition: {x: -0, y: 1, z: 0}
  m_LocalScale: {x: 66, y: 20, z: 100}
  m_Children: []
  m_Father: {fileID: 5461055391023693489}
  m_RootOrder: 0
  m_LocalEulerAnglesHint: {x: 0, y: 0, z: 0}
--- !u!33 &554945750481667596
MeshFilter:
  m_ObjectHideFlags: 0
  m_CorrespondingSourceObject: {fileID: 0}
  m_PrefabInstance: {fileID: 0}
  m_PrefabAsset: {fileID: 0}
  m_GameObject: {fileID: 6494090416147780646}
  m_Mesh: {fileID: -1753111969635605875, guid: 995a3e45658170846bf3af8cb839f8d5, type: 3}
--- !u!23 &5347680776660546345
MeshRenderer:
  m_ObjectHideFlags: 0
  m_CorrespondingSourceObject: {fileID: 0}
  m_PrefabInstance: {fileID: 0}
  m_PrefabAsset: {fileID: 0}
  m_GameObject: {fileID: 6494090416147780646}
  m_Enabled: 1
  m_CastShadows: 1
  m_ReceiveShadows: 1
  m_DynamicOccludee: 1
  m_MotionVectors: 1
  m_LightProbeUsage: 1
  m_ReflectionProbeUsage: 1
  m_RayTracingMode: 2
  m_RenderingLayerMask: 1
  m_RendererPriority: 0
  m_Materials:
  - {fileID: 2100000, guid: 946a5cab845150348bb822229f4ccce7, type: 2}
  m_StaticBatchInfo:
    firstSubMesh: 0
    subMeshCount: 0
  m_StaticBatchRoot: {fileID: 0}
  m_ProbeAnchor: {fileID: 0}
  m_LightProbeVolumeOverride: {fileID: 0}
  m_ScaleInLightmap: 1
  m_ReceiveGI: 1
  m_PreserveUVs: 0
  m_IgnoreNormalsForChartDetection: 0
  m_ImportantGI: 0
  m_StitchLightmapSeams: 1
  m_SelectedEditorRenderState: 3
  m_MinimumChartSize: 4
  m_AutoUVMaxDistance: 0.5
  m_AutoUVMaxAngle: 89
  m_LightmapParameters: {fileID: 0}
  m_SortingLayerID: 0
  m_SortingLayer: 0
  m_SortingOrder: 0
--- !u!1 &7494121542290526000
GameObject:
  m_ObjectHideFlags: 0
  m_CorrespondingSourceObject: {fileID: 0}
  m_PrefabInstance: {fileID: 0}
  m_PrefabAsset: {fileID: 0}
  serializedVersion: 6
  m_Component:
  - component: {fileID: 3765463089704090951}
  - component: {fileID: 4560241452638278545}
  - component: {fileID: 2481681956202295530}
  m_Layer: 0
  m_Name: int_low
  m_TagString: Untagged
  m_Icon: {fileID: 0}
  m_NavMeshLayer: 0
  m_StaticEditorFlags: 4294967295
  m_IsActive: 1
--- !u!4 &3765463089704090951
Transform:
  m_ObjectHideFlags: 0
  m_CorrespondingSourceObject: {fileID: 0}
  m_PrefabInstance: {fileID: 0}
  m_PrefabAsset: {fileID: 0}
  m_GameObject: {fileID: 7494121542290526000}
  m_LocalRotation: {x: -0.7071068, y: 0, z: -0, w: 0.7071067}
  m_LocalPosition: {x: -0, y: 1, z: 0}
  m_LocalScale: {x: 66, y: 20, z: 100}
  m_Children: []
  m_Father: {fileID: 5461055391023693489}
  m_RootOrder: 2
  m_LocalEulerAnglesHint: {x: 0, y: 0, z: 0}
--- !u!33 &4560241452638278545
MeshFilter:
  m_ObjectHideFlags: 0
  m_CorrespondingSourceObject: {fileID: 0}
  m_PrefabInstance: {fileID: 0}
  m_PrefabAsset: {fileID: 0}
  m_GameObject: {fileID: 7494121542290526000}
  m_Mesh: {fileID: -2115803908447484740, guid: 995a3e45658170846bf3af8cb839f8d5, type: 3}
--- !u!23 &2481681956202295530
MeshRenderer:
  m_ObjectHideFlags: 0
  m_CorrespondingSourceObject: {fileID: 0}
  m_PrefabInstance: {fileID: 0}
  m_PrefabAsset: {fileID: 0}
  m_GameObject: {fileID: 7494121542290526000}
  m_Enabled: 1
  m_CastShadows: 1
  m_ReceiveShadows: 1
  m_DynamicOccludee: 1
  m_MotionVectors: 1
  m_LightProbeUsage: 1
  m_ReflectionProbeUsage: 1
  m_RayTracingMode: 2
  m_RenderingLayerMask: 1
  m_RendererPriority: 0
  m_Materials:
  - {fileID: 2100000, guid: 08290513f7b58ea42a39eb7758d8ef8c, type: 2}
  m_StaticBatchInfo:
    firstSubMesh: 0
    subMeshCount: 0
  m_StaticBatchRoot: {fileID: 0}
  m_ProbeAnchor: {fileID: 0}
  m_LightProbeVolumeOverride: {fileID: 0}
  m_ScaleInLightmap: 1
  m_ReceiveGI: 1
  m_PreserveUVs: 0
  m_IgnoreNormalsForChartDetection: 0
  m_ImportantGI: 0
  m_StitchLightmapSeams: 1
  m_SelectedEditorRenderState: 3
  m_MinimumChartSize: 4
  m_AutoUVMaxDistance: 0.5
  m_AutoUVMaxAngle: 89
  m_LightmapParameters: {fileID: 0}
  m_SortingLayerID: 0
  m_SortingLayer: 0
  m_SortingOrder: 0
--- !u!1 &7597505159850131175
GameObject:
  m_ObjectHideFlags: 0
  m_CorrespondingSourceObject: {fileID: 0}
  m_PrefabInstance: {fileID: 0}
  m_PrefabAsset: {fileID: 0}
  serializedVersion: 6
  m_Component:
  - component: {fileID: 3123598172588345515}
  - component: {fileID: 5410263390962570256}
  - component: {fileID: 6908865104897352073}
  - component: {fileID: 5495281655359226148}
  m_Layer: 0
  m_Name: Frame_low
  m_TagString: Untagged
  m_Icon: {fileID: 0}
  m_NavMeshLayer: 0
  m_StaticEditorFlags: 4294967295
  m_IsActive: 1
--- !u!4 &3123598172588345515
Transform:
  m_ObjectHideFlags: 0
  m_CorrespondingSourceObject: {fileID: 0}
  m_PrefabInstance: {fileID: 0}
  m_PrefabAsset: {fileID: 0}
  m_GameObject: {fileID: 7597505159850131175}
  m_LocalRotation: {x: -0.7071068, y: 0, z: -0, w: 0.7071067}
  m_LocalPosition: {x: -0, y: 1, z: 0}
  m_LocalScale: {x: 66, y: 20, z: 100}
  m_Children: []
  m_Father: {fileID: 5461055391023693489}
  m_RootOrder: 1
  m_LocalEulerAnglesHint: {x: 0, y: 0, z: 0}
--- !u!33 &5410263390962570256
MeshFilter:
  m_ObjectHideFlags: 0
  m_CorrespondingSourceObject: {fileID: 0}
  m_PrefabInstance: {fileID: 0}
  m_PrefabAsset: {fileID: 0}
  m_GameObject: {fileID: 7597505159850131175}
  m_Mesh: {fileID: -909669668034548881, guid: 995a3e45658170846bf3af8cb839f8d5, type: 3}
--- !u!23 &6908865104897352073
MeshRenderer:
  m_ObjectHideFlags: 0
  m_CorrespondingSourceObject: {fileID: 0}
  m_PrefabInstance: {fileID: 0}
  m_PrefabAsset: {fileID: 0}
  m_GameObject: {fileID: 7597505159850131175}
  m_Enabled: 1
  m_CastShadows: 1
  m_ReceiveShadows: 1
  m_DynamicOccludee: 1
  m_MotionVectors: 1
  m_LightProbeUsage: 1
  m_ReflectionProbeUsage: 1
  m_RayTracingMode: 2
  m_RenderingLayerMask: 1
  m_RendererPriority: 0
  m_Materials:
  - {fileID: 2100000, guid: 946a5cab845150348bb822229f4ccce7, type: 2}
  m_StaticBatchInfo:
    firstSubMesh: 0
    subMeshCount: 0
  m_StaticBatchRoot: {fileID: 0}
  m_ProbeAnchor: {fileID: 0}
  m_LightProbeVolumeOverride: {fileID: 0}
  m_ScaleInLightmap: 1
  m_ReceiveGI: 1
  m_PreserveUVs: 0
  m_IgnoreNormalsForChartDetection: 0
  m_ImportantGI: 0
  m_StitchLightmapSeams: 1
  m_SelectedEditorRenderState: 3
  m_MinimumChartSize: 4
  m_AutoUVMaxDistance: 0.5
  m_AutoUVMaxAngle: 89
  m_LightmapParameters: {fileID: 0}
  m_SortingLayerID: 0
  m_SortingLayer: 0
  m_SortingOrder: 0
--- !u!65 &5495281655359226148
BoxCollider:
  m_ObjectHideFlags: 0
  m_CorrespondingSourceObject: {fileID: 0}
  m_PrefabInstance: {fileID: 0}
  m_PrefabAsset: {fileID: 0}
  m_GameObject: {fileID: 7597505159850131175}
  m_Material: {fileID: 0}
  m_IsTrigger: 0
  m_Enabled: 1
  serializedVersion: 2
  m_Size: {x: 0.02, y: 0.019999996, z: 0.01866705}
  m_Center: {x: 4.656613e-10, y: -4.656612e-10, z: -0.000105774474}
--- !u!1001 &5495281653941092335
PrefabInstance:
  m_ObjectHideFlags: 0
  serializedVersion: 2
  m_Modification:
    m_TransformParent: {fileID: 5461055391023693489}
    m_Modifications:
    - target: {fileID: -8679921383154817045, guid: 29749625542bfce48ad0d4d6b7b10268,
        type: 3}
      propertyPath: m_RootOrder
      value: 4
      objectReference: {fileID: 0}
    - target: {fileID: -8679921383154817045, guid: 29749625542bfce48ad0d4d6b7b10268,
        type: 3}
      propertyPath: m_LocalScale.x
      value: 0.99001664
      objectReference: {fileID: 0}
    - target: {fileID: -8679921383154817045, guid: 29749625542bfce48ad0d4d6b7b10268,
        type: 3}
      propertyPath: m_LocalScale.y
      value: 0.99001664
      objectReference: {fileID: 0}
    - target: {fileID: -8679921383154817045, guid: 29749625542bfce48ad0d4d6b7b10268,
        type: 3}
      propertyPath: m_LocalScale.z
      value: 0.99001664
      objectReference: {fileID: 0}
    - target: {fileID: -8679921383154817045, guid: 29749625542bfce48ad0d4d6b7b10268,
        type: 3}
      propertyPath: m_LocalPosition.x
      value: -0.000831936
      objectReference: {fileID: 0}
    - target: {fileID: -8679921383154817045, guid: 29749625542bfce48ad0d4d6b7b10268,
        type: 3}
      propertyPath: m_LocalPosition.y
      value: 0.397
      objectReference: {fileID: 0}
    - target: {fileID: -8679921383154817045, guid: 29749625542bfce48ad0d4d6b7b10268,
        type: 3}
      propertyPath: m_LocalPosition.z
      value: 0.00940107
      objectReference: {fileID: 0}
    - target: {fileID: -8679921383154817045, guid: 29749625542bfce48ad0d4d6b7b10268,
        type: 3}
      propertyPath: m_LocalRotation.w
      value: 1
      objectReference: {fileID: 0}
    - target: {fileID: -8679921383154817045, guid: 29749625542bfce48ad0d4d6b7b10268,
        type: 3}
      propertyPath: m_LocalRotation.x
      value: -0
      objectReference: {fileID: 0}
    - target: {fileID: -8679921383154817045, guid: 29749625542bfce48ad0d4d6b7b10268,
        type: 3}
      propertyPath: m_LocalRotation.y
      value: -0
      objectReference: {fileID: 0}
    - target: {fileID: -8679921383154817045, guid: 29749625542bfce48ad0d4d6b7b10268,
        type: 3}
      propertyPath: m_LocalRotation.z
      value: -0
      objectReference: {fileID: 0}
    - target: {fileID: -8679921383154817045, guid: 29749625542bfce48ad0d4d6b7b10268,
        type: 3}
      propertyPath: m_LocalEulerAnglesHint.x
      value: 0
      objectReference: {fileID: 0}
    - target: {fileID: -8679921383154817045, guid: 29749625542bfce48ad0d4d6b7b10268,
        type: 3}
      propertyPath: m_LocalEulerAnglesHint.y
      value: 0
      objectReference: {fileID: 0}
    - target: {fileID: -8679921383154817045, guid: 29749625542bfce48ad0d4d6b7b10268,
        type: 3}
      propertyPath: m_LocalEulerAnglesHint.z
      value: 0
      objectReference: {fileID: 0}
    - target: {fileID: -7296598223649597708, guid: 29749625542bfce48ad0d4d6b7b10268,
        type: 3}
      propertyPath: m_StaticEditorFlags
      value: 4294967295
      objectReference: {fileID: 0}
    - target: {fileID: -2025555165657348882, guid: 29749625542bfce48ad0d4d6b7b10268,
        type: 3}
      propertyPath: m_StaticEditorFlags
      value: 4294967295
      objectReference: {fileID: 0}
    - target: {fileID: 919132149155446097, guid: 29749625542bfce48ad0d4d6b7b10268,
        type: 3}
      propertyPath: m_Name
      value: gulag book row low
      objectReference: {fileID: 0}
    - target: {fileID: 919132149155446097, guid: 29749625542bfce48ad0d4d6b7b10268,
        type: 3}
      propertyPath: m_StaticEditorFlags
      value: 4294967295
      objectReference: {fileID: 0}
    - target: {fileID: 2854671542717233734, guid: 29749625542bfce48ad0d4d6b7b10268,
        type: 3}
      propertyPath: m_StaticEditorFlags
      value: 4294967295
      objectReference: {fileID: 0}
    - target: {fileID: 3178957770288473495, guid: 29749625542bfce48ad0d4d6b7b10268,
        type: 3}
      propertyPath: m_StaticEditorFlags
      value: 4294967295
      objectReference: {fileID: 0}
    - target: {fileID: 5450699176609952376, guid: 29749625542bfce48ad0d4d6b7b10268,
        type: 3}
      propertyPath: m_StaticEditorFlags
      value: 4294967295
      objectReference: {fileID: 0}
    m_RemovedComponents: []
  m_SourcePrefab: {fileID: 100100000, guid: 29749625542bfce48ad0d4d6b7b10268, type: 3}
--- !u!4 &5461055392041424900 stripped
Transform:
  m_CorrespondingSourceObject: {fileID: -8679921383154817045, guid: 29749625542bfce48ad0d4d6b7b10268,
    type: 3}
  m_PrefabInstance: {fileID: 5495281653941092335}
  m_PrefabAsset: {fileID: 0}
--- !u!1001 &5495281654308069471
PrefabInstance:
  m_ObjectHideFlags: 0
  serializedVersion: 2
  m_Modification:
    m_TransformParent: {fileID: 5461055391023693489}
    m_Modifications:
    - target: {fileID: -8679921383154817045, guid: 29749625542bfce48ad0d4d6b7b10268,
        type: 3}
      propertyPath: m_RootOrder
      value: 7
      objectReference: {fileID: 0}
    - target: {fileID: -8679921383154817045, guid: 29749625542bfce48ad0d4d6b7b10268,
        type: 3}
      propertyPath: m_LocalScale.x
      value: -0.99001664
      objectReference: {fileID: 0}
    - target: {fileID: -8679921383154817045, guid: 29749625542bfce48ad0d4d6b7b10268,
        type: 3}
      propertyPath: m_LocalScale.y
      value: 0.99001664
      objectReference: {fileID: 0}
    - target: {fileID: -8679921383154817045, guid: 29749625542bfce48ad0d4d6b7b10268,
        type: 3}
      propertyPath: m_LocalScale.z
      value: 0.99001664
      objectReference: {fileID: 0}
    - target: {fileID: -8679921383154817045, guid: 29749625542bfce48ad0d4d6b7b10268,
        type: 3}
      propertyPath: m_LocalPosition.x
      value: -0.000831936
      objectReference: {fileID: 0}
    - target: {fileID: -8679921383154817045, guid: 29749625542bfce48ad0d4d6b7b10268,
        type: 3}
      propertyPath: m_LocalPosition.y
      value: 0.8635607
      objectReference: {fileID: 0}
    - target: {fileID: -8679921383154817045, guid: 29749625542bfce48ad0d4d6b7b10268,
        type: 3}
      propertyPath: m_LocalPosition.z
      value: 0.00940107
      objectReference: {fileID: 0}
    - target: {fileID: -8679921383154817045, guid: 29749625542bfce48ad0d4d6b7b10268,
        type: 3}
      propertyPath: m_LocalRotation.w
      value: 1
      objectReference: {fileID: 0}
    - target: {fileID: -8679921383154817045, guid: 29749625542bfce48ad0d4d6b7b10268,
        type: 3}
      propertyPath: m_LocalRotation.x
      value: -0
      objectReference: {fileID: 0}
    - target: {fileID: -8679921383154817045, guid: 29749625542bfce48ad0d4d6b7b10268,
        type: 3}
      propertyPath: m_LocalRotation.y
      value: -0
      objectReference: {fileID: 0}
    - target: {fileID: -8679921383154817045, guid: 29749625542bfce48ad0d4d6b7b10268,
        type: 3}
      propertyPath: m_LocalRotation.z
      value: -0
      objectReference: {fileID: 0}
    - target: {fileID: -8679921383154817045, guid: 29749625542bfce48ad0d4d6b7b10268,
        type: 3}
      propertyPath: m_LocalEulerAnglesHint.x
      value: 0
      objectReference: {fileID: 0}
    - target: {fileID: -8679921383154817045, guid: 29749625542bfce48ad0d4d6b7b10268,
        type: 3}
      propertyPath: m_LocalEulerAnglesHint.y
      value: 0
      objectReference: {fileID: 0}
    - target: {fileID: -8679921383154817045, guid: 29749625542bfce48ad0d4d6b7b10268,
        type: 3}
      propertyPath: m_LocalEulerAnglesHint.z
      value: 0
      objectReference: {fileID: 0}
    - target: {fileID: -7296598223649597708, guid: 29749625542bfce48ad0d4d6b7b10268,
        type: 3}
      propertyPath: m_StaticEditorFlags
      value: 4294967295
      objectReference: {fileID: 0}
    - target: {fileID: -2025555165657348882, guid: 29749625542bfce48ad0d4d6b7b10268,
        type: 3}
      propertyPath: m_StaticEditorFlags
      value: 4294967295
      objectReference: {fileID: 0}
    - target: {fileID: 919132149155446097, guid: 29749625542bfce48ad0d4d6b7b10268,
        type: 3}
      propertyPath: m_Name
      value: gulag book row low (3)
      objectReference: {fileID: 0}
    - target: {fileID: 919132149155446097, guid: 29749625542bfce48ad0d4d6b7b10268,
        type: 3}
      propertyPath: m_StaticEditorFlags
      value: 4294967295
      objectReference: {fileID: 0}
    - target: {fileID: 2854671542717233734, guid: 29749625542bfce48ad0d4d6b7b10268,
        type: 3}
      propertyPath: m_StaticEditorFlags
      value: 4294967295
      objectReference: {fileID: 0}
    - target: {fileID: 3178957770288473495, guid: 29749625542bfce48ad0d4d6b7b10268,
        type: 3}
      propertyPath: m_StaticEditorFlags
      value: 4294967295
      objectReference: {fileID: 0}
    - target: {fileID: 5450699176609952376, guid: 29749625542bfce48ad0d4d6b7b10268,
        type: 3}
      propertyPath: m_StaticEditorFlags
      value: 4294967295
      objectReference: {fileID: 0}
    m_RemovedComponents: []
  m_SourcePrefab: {fileID: 100100000, guid: 29749625542bfce48ad0d4d6b7b10268, type: 3}
--- !u!4 &5461055391674501044 stripped
Transform:
  m_CorrespondingSourceObject: {fileID: -8679921383154817045, guid: 29749625542bfce48ad0d4d6b7b10268,
    type: 3}
  m_PrefabInstance: {fileID: 5495281654308069471}
  m_PrefabAsset: {fileID: 0}
--- !u!1001 &5495281655064616234
PrefabInstance:
  m_ObjectHideFlags: 0
  serializedVersion: 2
  m_Modification:
    m_TransformParent: {fileID: 5461055391023693489}
    m_Modifications:
    - target: {fileID: -8679921383154817045, guid: 29749625542bfce48ad0d4d6b7b10268,
        type: 3}
      propertyPath: m_RootOrder
      value: 6
      objectReference: {fileID: 0}
    - target: {fileID: -8679921383154817045, guid: 29749625542bfce48ad0d4d6b7b10268,
        type: 3}
      propertyPath: m_LocalScale.x
      value: -0.99001664
      objectReference: {fileID: 0}
    - target: {fileID: -8679921383154817045, guid: 29749625542bfce48ad0d4d6b7b10268,
        type: 3}
      propertyPath: m_LocalScale.y
      value: 0.99001664
      objectReference: {fileID: 0}
    - target: {fileID: -8679921383154817045, guid: 29749625542bfce48ad0d4d6b7b10268,
        type: 3}
      propertyPath: m_LocalScale.z
      value: 0.99001664
      objectReference: {fileID: 0}
    - target: {fileID: -8679921383154817045, guid: 29749625542bfce48ad0d4d6b7b10268,
        type: 3}
      propertyPath: m_LocalPosition.x
      value: -0.000831936
      objectReference: {fileID: 0}
    - target: {fileID: -8679921383154817045, guid: 29749625542bfce48ad0d4d6b7b10268,
        type: 3}
      propertyPath: m_LocalPosition.y
      value: -0.0016638968
      objectReference: {fileID: 0}
    - target: {fileID: -8679921383154817045, guid: 29749625542bfce48ad0d4d6b7b10268,
        type: 3}
      propertyPath: m_LocalPosition.z
      value: 0.00940107
      objectReference: {fileID: 0}
    - target: {fileID: -8679921383154817045, guid: 29749625542bfce48ad0d4d6b7b10268,
        type: 3}
      propertyPath: m_LocalRotation.w
      value: 1
      objectReference: {fileID: 0}
    - target: {fileID: -8679921383154817045, guid: 29749625542bfce48ad0d4d6b7b10268,
        type: 3}
      propertyPath: m_LocalRotation.x
      value: -0
      objectReference: {fileID: 0}
    - target: {fileID: -8679921383154817045, guid: 29749625542bfce48ad0d4d6b7b10268,
        type: 3}
      propertyPath: m_LocalRotation.y
      value: -0
      objectReference: {fileID: 0}
    - target: {fileID: -8679921383154817045, guid: 29749625542bfce48ad0d4d6b7b10268,
        type: 3}
      propertyPath: m_LocalRotation.z
      value: -0
      objectReference: {fileID: 0}
    - target: {fileID: -8679921383154817045, guid: 29749625542bfce48ad0d4d6b7b10268,
        type: 3}
      propertyPath: m_LocalEulerAnglesHint.x
      value: 0
      objectReference: {fileID: 0}
    - target: {fileID: -8679921383154817045, guid: 29749625542bfce48ad0d4d6b7b10268,
        type: 3}
      propertyPath: m_LocalEulerAnglesHint.y
      value: 0
      objectReference: {fileID: 0}
    - target: {fileID: -8679921383154817045, guid: 29749625542bfce48ad0d4d6b7b10268,
        type: 3}
      propertyPath: m_LocalEulerAnglesHint.z
      value: 0
      objectReference: {fileID: 0}
    - target: {fileID: -7296598223649597708, guid: 29749625542bfce48ad0d4d6b7b10268,
        type: 3}
      propertyPath: m_StaticEditorFlags
      value: 4294967295
      objectReference: {fileID: 0}
    - target: {fileID: -2025555165657348882, guid: 29749625542bfce48ad0d4d6b7b10268,
        type: 3}
      propertyPath: m_StaticEditorFlags
      value: 4294967295
      objectReference: {fileID: 0}
    - target: {fileID: 919132149155446097, guid: 29749625542bfce48ad0d4d6b7b10268,
        type: 3}
      propertyPath: m_Name
      value: gulag book row low (2)
      objectReference: {fileID: 0}
    - target: {fileID: 919132149155446097, guid: 29749625542bfce48ad0d4d6b7b10268,
        type: 3}
      propertyPath: m_StaticEditorFlags
      value: 4294967295
      objectReference: {fileID: 0}
    - target: {fileID: 2854671542717233734, guid: 29749625542bfce48ad0d4d6b7b10268,
        type: 3}
      propertyPath: m_StaticEditorFlags
      value: 4294967295
      objectReference: {fileID: 0}
    - target: {fileID: 3178957770288473495, guid: 29749625542bfce48ad0d4d6b7b10268,
        type: 3}
      propertyPath: m_StaticEditorFlags
      value: 4294967295
      objectReference: {fileID: 0}
    - target: {fileID: 5450699176609952376, guid: 29749625542bfce48ad0d4d6b7b10268,
        type: 3}
      propertyPath: m_StaticEditorFlags
      value: 4294967295
      objectReference: {fileID: 0}
    m_RemovedComponents: []
  m_SourcePrefab: {fileID: 100100000, guid: 29749625542bfce48ad0d4d6b7b10268, type: 3}
--- !u!4 &5461055390884412097 stripped
Transform:
  m_CorrespondingSourceObject: {fileID: -8679921383154817045, guid: 29749625542bfce48ad0d4d6b7b10268,
    type: 3}
  m_PrefabInstance: {fileID: 5495281655064616234}
  m_PrefabAsset: {fileID: 0}
--- !u!1001 &5495281655109768358
PrefabInstance:
  m_ObjectHideFlags: 0
  serializedVersion: 2
  m_Modification:
    m_TransformParent: {fileID: 5461055391023693489}
    m_Modifications:
    - target: {fileID: -8679921383154817045, guid: 29749625542bfce48ad0d4d6b7b10268,
        type: 3}
      propertyPath: m_RootOrder
      value: 5
      objectReference: {fileID: 0}
    - target: {fileID: -8679921383154817045, guid: 29749625542bfce48ad0d4d6b7b10268,
        type: 3}
      propertyPath: m_LocalScale.x
      value: 0.99001664
      objectReference: {fileID: 0}
    - target: {fileID: -8679921383154817045, guid: 29749625542bfce48ad0d4d6b7b10268,
        type: 3}
      propertyPath: m_LocalScale.y
      value: 0.99001664
      objectReference: {fileID: 0}
    - target: {fileID: -8679921383154817045, guid: 29749625542bfce48ad0d4d6b7b10268,
        type: 3}
      propertyPath: m_LocalScale.z
      value: 0.99001664
      objectReference: {fileID: 0}
    - target: {fileID: -8679921383154817045, guid: 29749625542bfce48ad0d4d6b7b10268,
        type: 3}
      propertyPath: m_LocalPosition.x
      value: -0.000831936
      objectReference: {fileID: 0}
    - target: {fileID: -8679921383154817045, guid: 29749625542bfce48ad0d4d6b7b10268,
        type: 3}
      propertyPath: m_LocalPosition.y
      value: 1.3369384
      objectReference: {fileID: 0}
    - target: {fileID: -8679921383154817045, guid: 29749625542bfce48ad0d4d6b7b10268,
        type: 3}
      propertyPath: m_LocalPosition.z
      value: 0.00940107
      objectReference: {fileID: 0}
    - target: {fileID: -8679921383154817045, guid: 29749625542bfce48ad0d4d6b7b10268,
        type: 3}
      propertyPath: m_LocalRotation.w
      value: 1
      objectReference: {fileID: 0}
    - target: {fileID: -8679921383154817045, guid: 29749625542bfce48ad0d4d6b7b10268,
        type: 3}
      propertyPath: m_LocalRotation.x
      value: -0
      objectReference: {fileID: 0}
    - target: {fileID: -8679921383154817045, guid: 29749625542bfce48ad0d4d6b7b10268,
        type: 3}
      propertyPath: m_LocalRotation.y
      value: -0
      objectReference: {fileID: 0}
    - target: {fileID: -8679921383154817045, guid: 29749625542bfce48ad0d4d6b7b10268,
        type: 3}
      propertyPath: m_LocalRotation.z
      value: -0
      objectReference: {fileID: 0}
    - target: {fileID: -8679921383154817045, guid: 29749625542bfce48ad0d4d6b7b10268,
        type: 3}
      propertyPath: m_LocalEulerAnglesHint.x
      value: 0
      objectReference: {fileID: 0}
    - target: {fileID: -8679921383154817045, guid: 29749625542bfce48ad0d4d6b7b10268,
        type: 3}
      propertyPath: m_LocalEulerAnglesHint.y
      value: 0
      objectReference: {fileID: 0}
    - target: {fileID: -8679921383154817045, guid: 29749625542bfce48ad0d4d6b7b10268,
        type: 3}
      propertyPath: m_LocalEulerAnglesHint.z
      value: 0
      objectReference: {fileID: 0}
    - target: {fileID: -7296598223649597708, guid: 29749625542bfce48ad0d4d6b7b10268,
        type: 3}
      propertyPath: m_StaticEditorFlags
      value: 4294967295
      objectReference: {fileID: 0}
    - target: {fileID: -2025555165657348882, guid: 29749625542bfce48ad0d4d6b7b10268,
        type: 3}
      propertyPath: m_StaticEditorFlags
      value: 4294967295
      objectReference: {fileID: 0}
    - target: {fileID: 919132149155446097, guid: 29749625542bfce48ad0d4d6b7b10268,
        type: 3}
      propertyPath: m_Name
      value: gulag book row low (1)
      objectReference: {fileID: 0}
    - target: {fileID: 919132149155446097, guid: 29749625542bfce48ad0d4d6b7b10268,
        type: 3}
      propertyPath: m_StaticEditorFlags
      value: 4294967295
      objectReference: {fileID: 0}
    - target: {fileID: 2854671542717233734, guid: 29749625542bfce48ad0d4d6b7b10268,
        type: 3}
      propertyPath: m_StaticEditorFlags
      value: 4294967295
      objectReference: {fileID: 0}
    - target: {fileID: 3178957770288473495, guid: 29749625542bfce48ad0d4d6b7b10268,
        type: 3}
      propertyPath: m_StaticEditorFlags
      value: 4294967295
      objectReference: {fileID: 0}
    - target: {fileID: 5450699176609952376, guid: 29749625542bfce48ad0d4d6b7b10268,
        type: 3}
      propertyPath: m_StaticEditorFlags
      value: 4294967295
      objectReference: {fileID: 0}
    m_RemovedComponents: []
  m_SourcePrefab: {fileID: 100100000, guid: 29749625542bfce48ad0d4d6b7b10268, type: 3}
--- !u!4 &5461055390864421709 stripped
Transform:
  m_CorrespondingSourceObject: {fileID: -8679921383154817045, guid: 29749625542bfce48ad0d4d6b7b10268,
    type: 3}
  m_PrefabInstance: {fileID: 5495281655109768358}
  m_PrefabAsset: {fileID: 0}
